% Please add references by date and then if possible alphabetically
% Get refs in bibtex format from crossref

@Manual{R-base,
  title = {R: A Language and Environment for Statistical Computing},
  author = {{R Core Team}},
  organization = {R Foundation for Statistical Computing},
  address = {Vienna, Austria},
  year = {2019},
  url = {https://www.R-project.org/},
}
% 2020 -------------------------------
@article{makowski2020methods,
  title={Methods and algorithms for correlation analysis in R},
  author={Makowski, Dominique and Ben-Shachar, Mattan S and Patil, Indrajeet and Ludecke, Daniel},
  journal={Journal of Open Source Software},
  volume={5},
  number={51},
  pages={2306},
  year={2020}
}
% 2019 -------------------------------
@article{ludecke2019insight,
  title={Insight: A unified interface to access information from model objects in R},
  author={Ludecke, Daniel and Waggoner, Philip D and Makowski, Dominique},
  journal={Journal of Open Source Software},
  volume={4},
  number={38},
  pages={1412},
  year={2019}
}
@article{makowski2019bayestestr,
  title={bayestestR: Describing effects and their uncertainty, existence and significance within the Bayesian framework},
  author={Makowski, Dominique and Ben-Shachar, Mattan S and Ludecke, Daniel},
  journal={Journal of Open Source Software},
  volume={4},
  number={40},
  pages={1541},
  year={2019}
}
@article{forte2019heart,
  title={Heart rate variability and cognitive function: a systematic review},
  author={Forte, Giuseppe and Favieri, Francesca and Casagrande, Maria},
  journal={Frontiers in neuroscience},
  volume={13},
  pages={710},
  year={2019},
  publisher={Frontiers}
}
@article{nguyen2019improving,
  title={Improving methodology in heart rate variability analysis for the premature infants: Impact of the time length},
  author={Nguyen Phuc Thu, Trang and Hernandez, Alfredo I and Costet, Nathalie and Patural, Hugues and Pichot, Vincent and Carrault, Guy and Beuchee, Alain},
  journal={PloS one},
  volume={14},
  number={8},
  pages={e0220692},
  year={2019},
  publisher={Public Library of Science San Francisco, CA USA}
}
% 2017 -------------------------------
@article{ciccone2017reminder,
  title={Reminder: RMSSD and SD1 are identical heart rate variability metrics},
  author={Ciccone, Anthony B and Siedlik, Jacob A and Wecht, Jill M and Deckert, Jake A and Nguyen, Nhuquynh D and Weir, Joseph P},
  journal={Muscle \& nerve},
  volume={56},
  number={4},
  pages={674--678},
  year={2017},
  publisher={Wiley Online Library}
}
@article{shaffer2017overview,
  title={An overview of heart rate variability metrics and norms},
  author={Shaffer, Fred and Ginsberg, James P},
  journal={Frontiers in public health},
  volume={5},
  pages={258},
  year={2017},
  publisher={Frontiers}
}

% 2016 -------------------------------
@article{bassett2016literature,
  title={A literature review of heart rate variability in depressive and bipolar disorders},
  author={Bassett, Darryl},
  journal={Australian \& New Zealand Journal of Psychiatry},
  volume={50},
  number={6},
  pages={511--519},
  year={2016},
  publisher={SAGE Publications Sage UK: London, England}
}

% 2015 -------------------------------
@article{rossi2015impact,
  title={Impact of obesity on autonomic modulation, heart rate and blood pressure in obese young people},
  author={Rossi, Renata Claudino and Vanderlei, Luiz Carlos Marques and Goncalves, Ana Clara Campagnolo Real and Vanderlei, Franciele Marques and Bernardo, Aline Fernanda Barbosa and Yamada, Karina Mayumi Higashibara and da Silva, Natalia Turri and de Abreu, Luiz Carlos},
  journal={Autonomic neuroscience},
  volume={193},
  pages={138--141},
  year={2015},
  publisher={Elsevier}
}
@article{leite2015correlation,
  title={Correlation between heart rate variability indexes and aerobic physiological variables in patients with COPD},
  author={Leite, Marceli R and Ramos, Ercy Mara C and Kalva-Filho, Carlos A and Rodrigues, Fernanda Maria M and Freire, Ana Paula CF and Tacao, Guilherme Y and de Toledo, Alessandra C and Cecilio, Michel J and Vanderlei, Luiz Carlos M and Ramos, Dionei},
  journal={Respirology},
  volume={20},
  number={2},
  pages={273--278},
  year={2015},
  publisher={Wiley Online Library}
}
@article{peng2015extraction,
  title={Extraction of heart rate variability from smartphone photoplethysmograms},
  author={Peng, Rong-Chao and Zhou, Xiao-Lin and Lin, Wan-Hua and Zhang, Yuan-Ting},
  journal={Computational and mathematical methods in medicine},
  volume={2015},
  year={2015},
  publisher={Hindawi}
}

% 2014 -------------------------------
@article{shaffer2014healthy,
  title={A healthy heart is not a metronome: an integrative review of the heart's anatomy and heart rate variability},
  author={Shaffer, Fred and McCraty, Rollin and Zerr, Christopher L},
  journal={Frontiers in psychology},
  volume={5},
  pages={1040},
  year={2014},
  publisher={Frontiers}
}

% 2009 -------------------------------
@article{voss2009methods,
  title={Methods derived from nonlinear dynamics for analysing heart rate variability},
  author={Voss, Andreas and Schulz, Steffen and Schroeder, Rico and Baumert, Mathias and Caminal, Pere},
  journal={Philosophical Transactions of the Royal Society A: Mathematical, Physical and Engineering Sciences},
  volume={367},
  number={1887},
  pages={277--296},
  year={2009},
  publisher={The Royal Society London}
}

% 2007 -------------------------------
@article{guzik2007correlations,
  title={Correlations between Poincare plot and conventional heart rate variability parameters assessed during paced breathing},
  author={Guzik, Przemyslaw and Piskorski, Jaroslaw and Krauze, Tomasz and Schneider, Raphael and Wesseling, Karel H and Wykretowicz, Andrzej and Wysocki, Henryk},
  journal={The Journal of Physiological Sciences},
  pages={0702020009--0702020009},
  year={2007},
  publisher={Physiological Society of Japan}
}
@article{laitio2007role,
  title={The role of heart rate variability in risk stratification for adverse postoperative cardiac events},
  author={Laitio, Timo and Jalonen, Jouko and Kuusela, Tom and Scheinin, Harry},
  journal={Anesthesia \& Analgesia},
  volume={105},
  number={6},
  pages={1548--1560},
  year={2007},
  publisher={LWW}
}

% 2006 -------------------------------
@article{kudat2006heart,
  title={Heart rate variability in diabetes patients},
  author={Kudat, H and Akkaya, V and Sozen, AB and Salman, S and Demirel, S and Ozcan, M and Atilgan, D and Yilmaz, MT and Guven, O},
  journal={Journal of international medical research},
  volume={34},
  number={3},
  pages={291--296},
  year={2006},
  publisher={Sage Publications Sage UK: London, England}
}
@article{acharya2006heart,
  title={Heart rate variability: a review},
  author={Acharya, U Rajendra and Joseph, K Paul and Kannathal, Natarajan and Lim, Choo Min and Suri, Jasjit S},
  journal={Medical and biological engineering and computing},
  volume={44},
  number={12},
  pages={1031--1051},
  year={2006},
  publisher={Springer}
}

% 2005 -------------------------------
@article{kleiger2005heart,
  title={Heart rate variability: measurement and clinical utility},
  author={Kleiger, Robert E and Stein, Phyllis K and Bigger Jr, J Thomas},
  journal={Annals of Noninvasive Electrocardiology},
  volume={10},
  number={1},
  pages={88--101},
  year={2005},
  publisher={Wiley Online Library}
}

% 2002 -------------------------------
@article{brennan2002poincare,
  title={Poincare plot interpretation using a physiological model of HRV based on a network of oscillators},
  author={Brennan, Michael and Palaniswami, Marimuthu and Kamen, Peter},
  journal={American Journal of Physiology-Heart and Circulatory Physiology},
  volume={283},
  number={5},
  pages={H1873--H1886},
  year={2002},
  publisher={American Physiological Society Bethesda, MD}
}

% 2001 -------------------------------
@article{brennan2001existing,
  title={Do existing measures of Poincare plot geometry reflect nonlinear features of heart rate variability?},
  author={Brennan, Michael and Palaniswami, Marimuthu and Kamen, Peter},
  journal={IEEE transactions on biomedical engineering},
  volume={48},
  number={11},
  pages={1342--1347},
  year={2001},
  publisher={IEEE}
}

% 1998 -------------------------------
@article{otzenberger1998dynamic,
  title={Dynamic heart rate variability: a tool for exploring sympathovagal balance continuously during sleep in men},
  author={Otzenberger, Helene and Gronfier, Claude and Simon, Chantal and Charloux, Anne and Ehrhart, Jean and Piquard, Fran{\c{c}}ois and Brandenberger, Gabrielle},
  journal={American Journal of Physiology-Heart and Circulatory Physiology},
  volume={275},
  number={3},
  pages={H946--H950},
  year={1998},
  publisher={American Physiological Society Bethesda, MD}
}
@article{otzenberger1998dynamic,
  title={Dynamic heart rate variability: a tool for exploring sympathovagal balance continuously during sleep in men},
  author={Otzenberger, Helene and Gronfier, Claude and Simon, Chantal and Charloux, Anne and Ehrhart, Jean and Piquard, Fran{\c{c}}ois and Brandenberger, Gabrielle},
  journal={American Journal of Physiology-Heart and Circulatory Physiology},
  volume={275},
  number={3},
  pages={H946--H950},
  year={1998},
  publisher={American Physiological Society Bethesda, MD}
}
@article{umetani1998twenty,
  title={Twenty-four hour time domain heart rate variability and heart rate: relations to age and gender over nine decades},
  author={Umetani, Ken and Singer, Donald H and McCraty, Rollin and Atkinson, Mike},
  journal={Journal of the American College of Cardiology},
  volume={31},
  number={3},
  pages={593--601},
  year={1998},
  publisher={American College of Cardiology Foundation Washington, DC}
}

% 1996 -------------------------------
@article{golberger1996non,
  title={Non-linear dynamics for clinicians: chaos theory, fractals, and complexity at the bedside.},
  author={Golberger, AL},
  journal={The Lancet},
  volume={347},
  number={9011},
  pages={1312--1314},
  year={1996},
  publisher={Elsevier Science Publishing Company, Inc.}
}

% 1989 -------------------------------
@article{bigger1989comparison,
  title={Comparison of time-and frequency domain-based measures of cardiac parasympathetic activity in Holter recordings after myocardial infarction},
  author={Bigger Jr, J Thomas and Albrecht, Paul and Steinman, Richard C and Rolnitzky, Linda M and Fleiss, Joseph L and Cohen, Richard J},
  journal={The American journal of cardiology},
  volume={64},
  number={8},
  pages={536--538},
  year={1989},
  publisher={Elsevier}
}

% 1981 -------------------------------
@article{akselrod1981power,
  title={Power spectrum analysis of heart rate fluctuation: a quantitative probe of beat-to-beat cardiovascular control},
  author={Akselrod, Solange and Gordon, David and Ubel, F Andrew and Shannon, Daniel C and Berger, AC and Cohen, Richard J},
  journal={science},
  volume={213},
  number={4504},
  pages={220--222},
  year={1981},
  publisher={American Association for the Advancement of Science}
}