




% 2018 ------------------------------- 
@article{howell2018high,
  title={High precision ecg database with annotated r peaks, recorded and filmed under realistic conditions},
  author={Howell, Luis and Porr, Bernd},
  year={2018},
  publisher={University of Glasgow}
}

% 2001 ------------------------------- 
@article{moody2001impact,
  title={The impact of the MIT-BIH arrhythmia database},
  author={Moody, George B and Mark, Roger G},
  journal={IEEE Engineering in Medicine and Biology Magazine},
  volume={20},
  number={3},
  pages={45--50},
  year={2001},
  publisher={IEEE}
}

% 1996 ------------------------------- 
@article{iyengar1996age,
  title={Age-related alterations in the fractal scaling of cardiac interbeat interval dynamics},
  author={Iyengar, Nikhil and Peng, CK and Morin, Raymond and Goldberger, Ary L and Lipsitz, Lewis A},
  journal={American Journal of Physiology-Regulatory, Integrative and Comparative Physiology},
  volume={271},
  number={4},
  pages={R1078--R1084},
  year={1996},
  publisher={American Physiological Society Bethesda, MD}
}